<?xml version="1.0" encoding="UTF-8"?><collection xmlns="http://www.loc.gov/MARC21/slim"><record><leader>00434nam--2200157-i-4500</leader><controlfield tag="001">000010647</controlfield><controlfield tag="002">20161230</controlfield><controlfield tag="005">20170209165254</controlfield><controlfield tag="008">060222s1000------------r-----000-0-eng-d</controlfield><datafield ind1=" " ind2=" " tag="100"><subfield code="a">Clavelli, L</subfield></datafield><datafield ind1=" " ind2=" " tag="245"><subfield code="a">Pomeron factorization in general dual models</subfield></datafield><datafield ind1=" " ind2=" " tag="260"><subfield code="a">New Brunswick, New Jersey</subfield><subfield code="b">Rutgers University</subfield><subfield code="c">1973</subfield></datafield><datafield ind1=" " ind2=" " tag="300"><subfield code="a">74 p. + 5 Fig</subfield></datafield><datafield ind1=" " ind2=" " tag="700"><subfield code="a">Shapiro, J. A</subfield></datafield><datafield ind1=" " ind2=" " tag="852"><subfield code="a">539.141:530.1</subfield></datafield><datafield ind1=" " ind2=" " tag="CAT"><subfield code="a">SYS</subfield><subfield code="c">20170209</subfield><subfield code="h">165254</subfield></datafield></record></collection>